'
@Misc{tomcom_mathemathical_2022,
  author  = {Tamás Demus},
  month   = dec,
  note    = {original-date: 2022-12-02T20:47:30Z},
  title   = {Mathemathical {Modeling} {Practice} - {Railway} track defect detection},
  year    = {2022},
  url     = {https://github.com/demustamas/Mathemathical-Modeling-Practice},
  urldate = {2023-05-23},
}

@Online{_mav_,
  title   = {{MÁV} Központi Felépítményvizsgáló Kft.},
  url     = {http://www.mavkfv.hu/index.php?lngchg=en&f=},
  urldate = {2023-05-23},
}

'
@Misc{_ai_,
  title    = {{AI} {Research} {Group} – {Artificial} {Intelligence} \& {Data} {Science}},
  language = {en-US},
  url      = {https://ai.elte.hu/},
  urldate  = {2023-05-23},
}

'
@Misc{_ai&ml_,
  title    = {{AI}\&{ML} {Training} – {AI} {Research} {Group}},
  language = {en-US},
  url      = {https://ai.elte.hu/training/},
  urldate  = {2023-05-23},
}

@Online{_railway_,
  ranking    = {rank3},
  readstatus = {read},
  relevance  = {relevant},
  title      = {Railway Track Fault Detection {\textbar} Kaggle},
  url        = {https://www.kaggle.com/datasets/salmaneunus/railway-track-fault-detection},
  urldate    = {2022-12-22},
}

@Comment{jabref-meta: databaseType:bibtex;}
